@misc{ApacheSpark:1,
  TITLE = {{Apache Spark} Lightning-Fast Cluster Computing},
  HOWPUBLISHED = {\url{https://spark.apache.org/}},
  NOTE = {Accessed: 2017-05-21}
}

@article{RecommenderSystems:2,
AUTHOR = {P. Melville and V. Sindhwani},
TITLE = {Recommender Systems},
JOURNAL = {Encyclopedia of Machine Learning and Data Mining},
YEAR = {2017},
PAGES = {1056-1066},
}

@misc{MovieLens:3,
  TITLE = {{MovieLens} GroupLens},
  HOWPUBLISHED = {\url{https://grouplens.org/datasets/movielens/}},
  NOTE = {Accessed: 2017-05-22}
}